@article{Isenor2005,
    title = {{Final Report of the ICES/IOC Study Group on the Development of Marine Data Exchange Systems using XML}},
    year = {2005},
    author = {Isenor, AW and Lowry, RK},
    url = {http://www.dtic.mil/docs/citations/ADA606722}
}

@article{Song2008,
    title = {{Understanding IEEE 1451 - Networked smart transducer interface standard - What is a smart transducer?}},
    year = {2008},
    journal = {IEEE Instrumentation and Measurement Magazine},
    author = {Song, Eugene Y. and Lee, Kang},
    number = {2},
    month = {4},
    pages = {11--17},
    volume = {11},
    doi = {10.1109/MIM.2008.4483728},
    issn = {10946969}
}

@misc{21Standards,
    title = {{(21) (PDF) Lifecycle Exchange for Asset Data (LEAD): A proposed process model for managing asset dataflow between building stakeholders using BIM open standards}},
    url = {https://www.researchgate.net/publication/336211929_Lifecycle_Exchange_for_Asset_Data_LEAD_A_proposed_process_model_for_managing_asset_dataflow_between_building_stakeholders_using_BIM_open_standards}
}

@misc{21PDF,
    title = {{(21) Evaluating the Construction of Domain Ontologies for Recommender Systems Based on Texts | Request PDF}},
    url = {https://www.researchgate.net/publication/314423490_Evaluating_the_Construction_of_Domain_Ontologies_for_Recommender_Systems_Based_on_Texts}
}

@misc{PDFConjecture,
    title = {{(PDF) Comprehensibility of visual and textual programs: A test of superlativism against the 'match-mismatch' conjecture}},
    url = {https://www.researchgate.net/publication/238987815_Comprehensibility_of_visual_and_textual_programs_A_test_of_superlativism_against_the_'match-mismatch'_conjecture}
}

@article{Society19971451.2-1997Formats.,
    title = {{1451.2-1997 - IEEE Standard for a Smart Transducer Interface for Sensors and Actuators - Transducer to Microprocessor Communication Protocols and Transducer Electronic Data Sheet (TEDS) Formats.}},
    year = {1997},
    author = {Society, Measurement},
    pages = {120},
    url = {http://ieeexplore.ieee.org/xpl/articleDetails.jsp?tp=&arnumber=720565&contentType=Standards&sortType=asc_p_Sequence&filter=AND(p_Publication_Number:5839)},
    isbn = {1559379634},
    doi = {10.1109/IEEESTD.1998.88285},
    keywords = {communication protocol, digital interface, microprocessor, ncap, sensor interface, smart actuator, smart sensor, smart sensor interface, smart transducer, smart transducer interface}
}

@article{Dong2014ADiagnostics,
    title = {{A BIM-enabled information infrastructure for building energy Fault Detection and Diagnostics}},
    year = {2014},
    author = {Dong, Bing and O'neill, Zheng and Li, Zhengwei},
    url = {http://dx.doi.org/10.1016/j.autcon.2014.04.007},
    doi = {10.1016/j.autcon.2014.04.007},
    keywords = {Building Information Modeling, Data schema, Fault Detection and Diagnostics, Information infrastructure, Real-time implementation}
}

@techreport{Zhang2018ACONTROL,
    title = {{A Deep Reinforcement Learning Approach to Using Whole Building Energy Model For HVAC Optimal Control ASHRAE Multidisciplinary Task Group on Occupant Behavior in Buildings View project International Energy Agency Energy in Buildings and Communities Programme, Annex 66, Definition and Simulation of Occupant Behavior in Buildings View project A DEEP REINFORCEMENT LEARNING APPROACH TO USING WHOLE BUILDING ENERGY MODEL FOR HVAC OPTIMAL CONTROL}},
    year = {2018},
    author = {Zhang, Zhiang and Chong, Adrian and Poh Lam, Khee and Pan, Yuqi and Zhang, Chenlu and Lu, Siliang},
    url = {https://www.researchgate.net/publication/326711617}
}

@incollection{Markoska2019ABuildings,
    title = {{A Framework for Fully Automated Performance Testing for Smart Buildings}},
    year = {2019},
    booktitle = {Advances in Intelligent Systems and Computing},
    author = {Markoska, Elena and Johansen, Aslak and Lazarova-Molnar, Sanja},
    pages = {235--243},
    volume = {797},
    publisher = {Springer, Singapore},
    url = {http://link.springer.com/10.1007/978-981-13-1165-9_21 https://link.springer.com/chapter/10.1007/978-981-13-1165-9_21},
    doi = {10.1007/978-981-13-1165-9{\_}21},
    issn = {21945357},
    keywords = {Building metadata models, Building performance testing, Continuous commissioning, Energy efficiency, Smart buildings}
}

@article{Citrin1997ALanguages,
    title = {{A graphical semantics for graphical transformation languages}},
    year = {1997},
    journal = {Journal of Visual Languages and Computing},
    author = {Citrin, Wayne and Doherty, Michael and Zorn, Benjamin},
    number = {2},
    pages = {147--173},
    volume = {8},
    publisher = {Academic Press},
    doi = {10.1006/jvlc.1996.0046},
    issn = {1045926X}
}

@techreport{HwangA,
    title = {{A Three-tier IDS via Data Mining Approach *}},
    author = {Hwang, Tsong Song and Lee, Tsung-Ju and Lee, Yuh-Jye},
    keywords = {H4 [Information Systems Applications]: Miscellaneous; I26 [ARTIFICIAL INTELLIGENCE ]: Learning-Con-cept Learning, KDD'99, Parameter learning Keywords intrusion detection system, RIPPER, activity profile, blacklist, false alarm rate, mul-ticlass SVMs, whitelist}
}

@inproceedings{Hernandez2018AnLinked-data,
    title = {{An IFC-based interoperable framework for building linked-data}},
    year = {2018},
    booktitle = {CEUR Workshop Proceedings},
    author = {Hern{\'{a}}ndez, José L. and Lerones, Pedro Martín and {\'{A}}lvarez, Sonia and Bonsma, Peter and van Delft, Andrè and Deighton, Richard and Braun, Jan Derrick},
    pages = {44--51},
    volume = {2159},
    issn = {16130073},
    keywords = {BIM, IFC, INSITER, Interoperability, Self-inspection, Static and dynamic data}
}

@inproceedings{L.Hernandez2015AnOperation,
    title = {{An IFC4-based Middleware for Data Interoperability in Energy Building Operation}},
    year = {2015},
    booktitle = {Proceedings of the 17th International Conference on Enterprise Information Systems},
    author = {L. Hern{\'{a}}ndez, José and Mart{\'{i}}n, Susana and Valmaseda, César},
    pages = {287--294},
    isbn = {978-989-758-096-3},
    doi = {10.5220/0005371002870294}
}

@article{Mahdavi2017AnMonitoring,
    title = {{An ontology for building monitoring}},
    year = {2017},
    journal = {Journal of Building Performance Simulation},
    author = {Mahdavi, Ardeshir and Taheri, Mahnameh},
    number = {5-6},
    pages = {499--508},
    volume = {10},
    doi = {10.1080/19401493.2016.1243730},
    issn = {19401507},
    keywords = {building monitoring, building performance, ontology, simulation}
}

@article{Mahdavi2017AnMonitoringb,
    title = {{An ontology for building monitoring}},
    year = {2017},
    journal = {Journal of Building Performance Simulation},
    author = {Mahdavi, Ardeshir and Taheri, Mahnameh},
    number = {5-6},
    pages = {499--508},
    volume = {10},
    url = {https://doi.org/10.1080/19401493.2016.1243730},
    doi = {10.1080/19401493.2016.1243730},
    issn = {19401507},
    keywords = {building monitoring, building performance, ontology, simulation}
}

@article{Lork2019AnIoT,
    title = {{An Ontology-Based Framework for Building Energy Management with IoT}},
    year = {2019},
    journal = {Electronics (Switzerland)},
    author = {Lork, Clement and Choudhary, Vishal and Ul Hassan, Naveed and Tushar, Wayes and Yuen, Chau and Ng, Benny Kai Kiat and Wang, Xinyu and Liu, Xiang},
    number = {5},
    pages = {1--15},
    volume = {8},
    doi = {10.3390/electronics8050485},
    issn = {20799292},
    keywords = {Building benchmarking, Building energy management systems, Energy management, Ontology and inference rule based framework}
}

@article{DeliverableAna,
    title = {{ana}},
    journal = {researchgate.net},
    author = {Deliverable, D},
    url = {https://www.researchgate.net/profile/Guy_Leduc/publication/270049041_Integrated_Monitoring_support_in_ANA/links/54a675f70cf256bf8bb517bd/Integrated-Monitoring-support-in-ANA.pdf}
}

@techreport{LagiosANIMATEDRADIANCE/DAYSIM,
    title = {{ANIMATED BUILDING PERFORMANCE SIMULATION (ABPS)-LINKING RHINOCEROS/GRASSHOPPER WITH RADIANCE/DAYSIM}},
    author = {Lagios, Kera and Niemasz, Jeff and Reinhart, Christoph F}
}

@techreport{LagiosANIMATEDRADIANCE/DAYSIMb,
    title = {{ANIMATED BUILDING PERFORMANCE SIMULATION (ABPS)-LINKING RHINOCEROS/GRASSHOPPER WITH RADIANCE/DAYSIM}},
    author = {Lagios, Kera and Niemasz, Jeff and Reinhart, Christoph F}
}

@article{Association2017ANSI/CTA-2047Standard,
    title = {{ANSI/CTA-2047 Standard}},
    year = {2017},
    journal = {Counsumer Technological Association},
    author = {Association, Consumer Technological},
    volume = {7}
}

@article{Zhan2020AutomatedBEM,
    title = {{Automated recognition and mapping of building management system (BMS) data points for building energy modeling (BEM)}},
    year = {2020},
    journal = {Building simulation},
    author = {Zhan, Sicheng and Chong, Adrian and Lasternas, Bertrand}
}

@article{Bushby1997BACnet:Buildings,
    title = {{BACnet™: A standard communication infrastructure for intelligent buildings}},
    year = {1997},
    journal = {Automation in Construction},
    author = {Bushby, Steven T.},
    number = {5-6},
    pages = {529--540},
    volume = {6},
    doi = {10.1016/S0926-5805(97)00029-0},
    issn = {09265805},
    keywords = {BACnet™, Building automation and control network, Communication protocol, Direct digital control, Energy management and control systems, Intelligent buildings}
}

@misc{Allcott2010BehaviorPolicy,
    title = {{Behavior and energy policy}},
    year = {2010},
    booktitle = {Science},
    author = {Allcott, Hunt and Mullainathan, Sendhil},
    number = {5970},
    month = {3},
    pages = {1204--1205},
    volume = {327},
    doi = {10.1126/science.1180775},
    issn = {00368075}
}

@techreport{BrickBuildings,
    title = {{Brick Schema Building Blocks for Smart Buildings}}
}

@article{Balaji2018Brick:Applications,
    title = {{Brick: Metadata schema for portable smart building applications}},
    year = {2018},
    journal = {Applied Energy},
    author = {Balaji, Bharathan and Bhattacharya, Arka and Fierro, Gabriel and Gao, Jingkun and Gluck, Joshua and Hong, Dezhi and Johansen, Aslak and Koh, Jason and Ploennigs, Joern and Agarwal, Yuvraj and Berg{\'{e}}s, Mario and Culler, David and Gupta, Rajesh K. and Kj{\ae}rgaard, Mikkel Baun and Srivastava, Mani and Whitehouse, Kamin},
    pages = {1273--1292},
    volume = {226},
    url = {https://www.sciencedirect.com/science/article/pii/S0306261918302162},
    doi = {10.1016/j.apenergy.2018.02.091},
    issn = {03062619},
    keywords = {Building management, Metadata, Ontology, Schema, Smart buildings}
}

@article{ParkBuildingArchitecture,
    title = {{Building automation system with microservices architecture}},
    journal = {Google Patents},
    author = {Park, Y and Venkiteswaran, V and {\ldots}, SR Sinha - US Patent App. 15 and 2018, Undefined},
    url = {https://patents.google.com/patent/US20180238575A1/en}
}

@misc{DOE2013BuildingReport,
    title = {{Building Energy Data Exchange Specification Scoping Report}},
    year = {2013},
    booktitle = {Energy Efficiency {\&} Renewable Energy},
    author = {{DOE}},
    url = {http://energy.gov/eere/buildings/downloads/building-energy-data-exchange-specification-scoping-report}
}

@techreport{2013BuildingReview,
    title = {{Building Energy Data Exchange Specification Scoping Report Stakeholder {\&} Technology Review}},
    year = {2013},
    url = {www.buildings.energy.gov/BEDES}
}

@article{Ahmad2016BuildingResearch,
    title = {{Building energy metering and environmental monitoring – A state-of-the-art review and directions for future research}},
    year = {2016},
    journal = {Energy and Buildings},
    author = {Ahmad, Muhammad Waseem and Mourshed, Monjur and Mundow, David and Sisinni, Mario and Rezgui, Yacine},
    month = {5},
    pages = {85--102},
    volume = {120},
    publisher = {Elsevier},
    url = {https://www.sciencedirect.com/science/article/pii/S0378778816302158},
    doi = {10.1016/J.ENBUILD.2016.03.059},
    issn = {0378-7788}
}

@inproceedings{Bottaccioli2017BuildingModels,
    title = {{Building Energy Modelling and Monitoring by Integration of IoT Devices and Building Information Models}},
    year = {2017},
    booktitle = {Proceedings - International Computer Software and Applications Conference},
    author = {Bottaccioli, Lorenzo and Aliberti, Alessandro and Ugliotti, Francesca and Patti, Edoardo and Osello, Anna and Macii, Enrico and Acquaviva, Andrea},
    pages = {914--922},
    volume = {1},
    isbn = {9781538603673},
    doi = {10.1109/COMPSAC.2017.75},
    issn = {07303157},
    keywords = {BIM, Building Information Model, Internet of Things, Smart Building, Software Architecture, Thermal Energy Modelling and Simulation}
}

@article{Abdelrahman2020BuildingWord-Embeddings,
    title = {{Building life-cycle Automatic Data Segmentation for Different Stakeholders Using NLP Word-Embeddings}},
    year = {2020},
    journal = {Unpublished work},
    author = {Abdelrahman, Mahmoud Mohamed and Zhan, Sicheng and Chong, Adrian}
}

@book{Hensen2012BuildingOperation,
    title = {{Building performance simulation for design and operation}},
    year = {2012},
    author = {Hensen, JLM and Lamberts, R},
    url = {https://www.google.com/books?hl=en&lr=&id=Rckk5Z81Rv0C&oi=fnd&pg=PP2&dq=physics+based+energy+prediction+building+&ots=61wuhshdL3&sig=yEd_vvJlHadbQnMn3lnVOaLc3fg}
}

@techreport{DegrawBuildingSyncImplementations,
    title = {{BuildingSync {\textregistered} in Action: Example Implementations}},
    author = {Degraw, Jason and Field-Macumber, Kristin and Long, Nicholas},
    url = {https://github.com/BuildingSync/schema/blob/develop/BuildingSync.xsd.}
}

@misc{BuildingSync/schema:Schema,
    title = {{BuildingSync/schema: BuildingSync{\textregistered} Schema}},
    url = {https://github.com/BuildingSync/schema}
}

@article{Long2018BuildingSync,
    title = {{BuildingSync{\textregistered}}},
    year = {2018},
    author = {Long, N and DeGraw, J and Borkum, M and Swindler, A},
    url = {https://www.osti.gov/biblio/1477026}
}

@article{Long2018BuildingSyncb,
    title = {{BuildingSync{\textregistered}}},
    year = {2018},
    author = {Long, Nicholas and DeGraw, Jason and Borkum, Mark and Swindler, Alex and Field-Macumber, Kristin and Ellis, Edward and USDOE Office of Energy Efficiency and Renewable Energy (EERE), Building Technologies Office (EE-5B)},
    month = {5},
    doi = {10.11578/DC.20181005.1}
}

@article{Long2018BuildingSyncc,
    title = {{BuildingSync{\textregistered}}},
    year = {2018},
    author = {Long, N and DeGraw, J and Borkum, M and Swindler, A},
    url = {https://www.osti.gov/biblio/1477026}
}

@misc{BuildSimSimulation,
    title = {{BuildSim | BEM Automation | Cloud Simulation}},
    url = {https://www.buildsim.io/}
}

@techreport{AarstenClientApplications,
    title = {{Client (UI) Patterns for Three-Tier Client/Server Applications}},
    author = {Aarsten, Amund and Brugali, Davide and Menga, Giuseppe}
}

@inproceedings{Bragdon2010CodeMaintenance,
    title = {{Code bubbles: A working set-based interface for code understanding and maintenance}},
    year = {2010},
    booktitle = {Conference on Human Factors in Computing Systems - Proceedings},
    author = {Bragdon, Andrew and Zeleznik, Robert and Reiss, Steven P. and Karumuri, Suman and Cheung, William and Kaplan, Joshua and Coleman, Christopher and Adeputra, Ferdi and Laviola, Joseph J.},
    pages = {2503--2512},
    volume = {4},
    isbn = {9781605589299},
    doi = {10.1145/1753326.1753706},
    keywords = {bubbles, java, multi-view, simultaneous views, source code}
}

@inproceedings{DeLine2006CodeCode,
    title = {{Code Thumbnails: Using spatial memory to navigate source code}},
    year = {2006},
    booktitle = {Proceedings - IEEE Symposium on Visual Languages and Human-Centric Computing, VL/HCC 2006},
    author = {De Line, Robert and Czerwinski, Mary and Meyers, Brian and Venolia, Gina and Drucker, Steven and Robertson, George},
    pages = {11--18},
    isbn = {0769525865},
    doi = {10.1109/VLHCC.2006.14}
}

@article{Jan2018CollectingIntervention,
    title = {{Collecting Data for Building Automation Analytics: A case study for collecting operational data with minimal human intervention}},
    year = {2018},
    author = {Jan, J},
    url = {http://www.diva-portal.org/smash/record.jsf?pid=diva2:1239032}
}

@misc{Moher1993ComparingPrograms,
    title = {{Comparing the comprehensibility of textual and graphical programs}},
    year = {1993},
    author = {Moher, Thomas G. and Mak, Dr. K. H. and Blumenthal, B. B. and Levanthal, L. M.}
}

@techreport{Koltsova2011ComponentsGeometry,
    title = {{Components for parametric urban design in Grasshopper from street network to building geometry. Components for Parametric Urban Design in Grasshopper. From Street Network to Building Geometry}},
    year = {2011},
    author = {Koltsova, Anastasia and Zurich, Eth and Schmitt, Gerhard and Schneider1, Christian and Koltsova2, Anastasia and Schmitt3, Gerhard and Strasse, Wolfgang Pauli},
    url = {https://www.researchgate.net/publication/220954453},
    keywords = {Parametric Design, Street Network, Urban Planning}
}

@article{Khamphanchai2015ConceptualBEMOSS,
    title = {{Conceptual architecture of building energy management open source software (BEMOSS)}},
    year = {2015},
    journal = {IEEE PES Innovative Smart Grid Technologies Conference Europe},
    author = {Khamphanchai, W. and Saha, A. and Rathinavel, K. and Kuzlu, M. and Pipattanasomporn, M. and Rahman, S. and Akyol, B. and Haack, J.},
    number = {January},
    pages = {1--6},
    volume = {2015-Janua},
    publisher = {IEEE},
    isbn = {9781479977208},
    doi = {10.1109/ISGTEurope.2014.7028784},
    keywords = {Building energy management, demand response, open source}
}

@incollection{Sinha2017ConstructingPlatform,
    title = {{Constructing Data Service Platform}},
    year = {2017},
    booktitle = {Building an Effective IoT Ecosystem for Your Business},
    author = {Sinha, Sudhi R. and Park, Youngchoon and Sinha, Sudhi R. and Park, Youngchoon},
    pages = {95--121},
    publisher = {Springer International Publishing},
    url = {http://link.springer.com/10.1007/978-3-319-57391-5_7},
    address = {Cham},
    doi = {10.1007/978-3-319-57391-5{\_}7}
}

@article{SinhaConstructingPlatform,
    title = {{Constructing Data Service Platform}},
    journal = {Springer},
    author = {Sinha, SR and Business, Y Park - Building an Effective IoT Ecosystem for Your and 2017, undefined},
    url = {https://link.springer.com/chapter/10.1007/978-3-319-57391-5_7}
}

@article{SchachingerContext-awareManagement,
    title = {{Context-aware optimization strategies for universal application in smart building energy management}},
    journal = {ieeexplore.ieee.org},
    author = {Schachinger, D and International, W Kastner - 2018 IEEE 16th and 2018, undefined},
    url = {https://ieeexplore.ieee.org/abstract/document/8472000/}
}

@article{Parys2011CouplingMethodology,
    title = {{Coupling of dynamic building simulation with stochastic modelling of occupant behaviour in offices - a review-based integrated methodology}},
    year = {2011},
    journal = {Journal of Building Performance Simulation},
    author = {Parys, Wout and Saelens, Dirk and Hens, Hugo},
    number = {4},
    month = {12},
    pages = {339--358},
    volume = {4},
    doi = {10.1080/19401493.2010.524711},
    issn = {19401493},
    keywords = {active-passive approach, behavioural model, office building, uncertainty analysis}
}

@article{Kiper1997CriteriaLanguages,
    title = {{Criteria for evaluation of visual programming languages}},
    year = {1997},
    journal = {Journal of Visual Languages and Computing},
    author = {Kiper, James D. and Howard, Elizabeth and Ames, Chuck},
    number = {2},
    pages = {175--192},
    volume = {8},
    publisher = {Academic Press},
    doi = {10.1006/jvlc.1996.0034},
    issn = {1045926X}
}

@techreport{Crossref2019Crossref2018-2019,
    title = {{Crossref Annual Report and Fact File 2018-2019}},
    year = {2019},
    author = {{Crossref}},
    pages = {1--34},
    url = {https://doi.org/10.13003/y8ygwm5%0Ahttps://www.crossref.org/annual-report/},
    institution = {Crossref},
    doi = {10.13003/y8ygwm5}
}

@article{GunayDataReview,
    title = {{Data analytics to improve building performance: A critical review}},
    journal = {Elsevier},
    author = {Gunay, HB and Shen, W and Construction, G Newsham - Automation in and 2019, Undefined},
    url = {https://www.sciencedirect.com/science/article/pii/S0926580518305958}
}

@article{TardioliDataLevel,
    title = {{Data driven approaches for prediction of building energy consumption at urban level}},
    journal = {Elsevier},
    author = {Tardioli, G and Kerrigan, R and Oates, M and James, OD and Procedia, D Finn - Energy and 2015, undefined},
    url = {https://www.sciencedirect.com/science/article/pii/S1876610215024868}
}

@article{Nordman2016DataInteroperation,
    title = {{Data Model Needs for Building Device Interoperation}},
    year = {2016},
    author = {Nordman, Bruce and Cheung, Iris},
    url = {https://drive.google.com/file/d/0B8B9XW6B7prlcDVPN1lweWF1UHM/view}
}

@article{ShaftDataDBMS.,
    title = {{Data Modeling and Querying in the PIQ Image DBMS.}},
    journal = {pdfs.semanticscholar.org},
    author = {Shaft, U and Bull., R Ramakrishnan - IEEE Data Eng. and 1996, undefined},
    url = {https://pdfs.semanticscholar.org/e98b/a579e6e58faefe39c2001f4883dbae958c90.pdf}
}

@misc{Molina-Solana2017DataReview,
    title = {{Data science for building energy management: A review}},
    year = {2017},
    booktitle = {Renewable and Sustainable Energy Reviews},
    author = {Molina-Solana, Miguel and Ros, María and Ruiz, M. Dolores and G{\'{o}}mez-Romero, Juan and Martin-Bautista, M. J.},
    pages = {598--609},
    volume = {70},
    publisher = {Elsevier Ltd},
    doi = {10.1016/j.rser.2016.11.132},
    issn = {18790690},
    keywords = {Applications, Building energy management, Building operation, Data science, Energy load, Fraud detection}
}

@article{KjrgaardData-driven79,
    title = {{Data-driven occupant modeling strategies and digital tools enabled by IEA EBC annex 79}},
    journal = {dl.acm.org},
    author = {Kj{\ae}rgaard, MB and Dong, B and Carlucci, S and {\ldots}, FD Salim - Proceedings of the 5th and 2018, undefined},
    url = {https://dl.acm.org/citation.cfm?id=3281015}
}

@article{BalajiDemoApplications,
    title = {{Demo Abstract–Portable Queries Using the Brick Schema for Building Applications}},
    journal = {synergylabs.org},
    author = {Balaji, B and Bhattacharya, A and Fierro, G and {\ldots}, J Gao - Proceedings of the and 2016, Undefined},
    url = {http://www.synergylabs.org/bharath/files/Balaji_BuildSys2016_BrickDemo.pdf}
}

@article{AndersenDemocratizingEnvironment,
    title = {{Democratizing authority in the built environment}},
    journal = {dl.acm.org},
    author = {Andersen, MP and Kolb, J and Chen, K and {\ldots}, G Fierro - ACM Transactions on and 2018, undefined},
    url = {https://dl.acm.org/citation.cfm?id=3199665}
}

@article{Isenor2004DescribingLanguage,
    title = {{Describing Generic Ocean Environmental Data Objects Using the Geography Markup Language}},
    year = {2004},
    author = {Isenor, AW},
    url = {http://www.dtic.mil/docs/citations/ADA607292}
}

@article{Fierro2018DesignBrick,
    title = {{Design and Analysis of a Query Processor for Brick}},
    year = {2018},
    journal = {ACM Transactions on Sensor Networks},
    author = {Fierro, Gabe and Culler, David E.},
    number = {3-4},
    pages = {1--25},
    volume = {14},
    url = {https://dl.acm.org/citation.cfm?id=3199666},
    doi = {10.1145/3199666},
    issn = {15504859}
}

@book{West2011DevelopingModels,
    title = {{Developing High Quality Data Models}},
    year = {2011},
    booktitle = {Developing High Quality Data Models},
    author = {West, M},
    url = {https://www.google.com/books?hl=en&lr=&id=y_gSxWkCXtYC&oi=fnd&pg=PP1&ots=AcgWTQo9ik&sig=Spx-N00TDxIaUYOF4Pwaw2Y4G38},
    doi = {10.1016/c2009-0-30508-5}
}

@article{Zibion2018DevelopmentInformation,
    title = {{Development of a BIM-enabled Software Tool for Facility Management using In-teractive Floor Plans, Graph-based Data Management and Granular Information}},
    year = {2018},
    author = {Zibion, D and Singh, DPV and Braun, MSA and Yalcinkaya, DSM},
    url = {https://publications.cms.bgu.tum.de/theses/2018_zibion_braun.pdf}
}

@techreport{NouvelDEVELOPMENTSIMULATION,
    title = {{DEVELOPMENT OF THE CITYGML APPLICATION DOMAIN EXTENSION ENERGY FOR URBAN ENERGY SIMULATION}},
    author = {Nouvel, Romain and Bahu, Jean-Marie and Kaden, Robert and Kaempf, Jerome and Cipriano, Piergiorgio and Lauster, Moritz and Haefele, Karl-Hainz and Munoz, Esteban and Tournaire, Olivier and Casper, Egbert}
}

@book{FarsiM2019DigitalCities,
    title = {{Digital Twin Technologies and Smart Cities}},
    year = {2019},
    author = {{Farsi M} and {Daneshkhah A} and {Hosseinian-Far A} and {Jahankhani H}},
    pages = {212},
    url = {http://www.springer.com/series/11636},
    isbn = {978-3-030-18731-6},
    doi = {https://doi.org/10.1007/978-3-030-18732-3}
}

@incollection{Grieves2016DigitalSystems,
    title = {{Digital twin: Mitigating unpredictable, undesirable emergent behavior in complex systems}},
    year = {2016},
    booktitle = {Transdisciplinary Perspectives on Complex Systems: New Findings and Approaches},
    author = {Grieves, Michael and Vickers, John},
    pages = {85--113},
    url = {https://www.researchgate.net/publication/306223791_Digital_Twin_Mitigating_Unpredictable_Undesirable_Emergent_Behavior_in_Complex_Systems},
    isbn = {9783319387567},
    doi = {10.1007/978-3-319-38756-7{\_}4}
}

@incollection{Grieves2016DigitalSystemsb,
    title = {{Digital twin: Mitigating unpredictable, undesirable emergent behavior in complex systems}},
    year = {2016},
    booktitle = {Transdisciplinary Perspectives on Complex Systems: New Findings and Approaches},
    author = {Grieves, Michael and Vickers, John},
    month = {1},
    pages = {85--113},
    publisher = {Springer International Publishing},
    isbn = {9783319387567},
    doi = {10.1007/978-3-319-38756-7{\_}4}
}

@book{Wijegunaratne1998DistributedEngineering,
    title = {{Distributed Applications Engineering}},
    year = {1998},
    author = {Wijegunaratne, Indrajit and Fernandez, George},
    series = {Practitioner Series},
    publisher = {Springer London},
    url = {http://link.springer.com/10.1007/978-1-4471-1550-2},
    address = {London},
    isbn = {978-3-540-76210-2},
    doi = {10.1007/978-1-4471-1550-2}
}

@techreport{JakubiecDIVAENERGYPLUS,
    title = {{DIVA 2.0: INTEGRATING DAYLIGHT AND THERMAL SIMULATIONS USING RHINOCEROS 3D, DAYSIM AND ENERGYPLUS}},
    author = {Jakubiec, J Alstan and Reinhart, Christoph F}
}

@techreport{MikolovEfficientSpace,
    title = {{Efficient Estimation of Word Representations in Vector Space}},
    author = {Mikolov, Tomas and Chen, Kai and Corrado, Greg and Dean, Jeffrey},
    url = {http://ronan.collobert.com/senna/},
    arxivId = {1301.3781v3}
}

@techreport{Studer2014EnablingPreprint,
    title = {{Enabling Detailed Energy Analyses via the Technology Performance Exchange: Preprint}},
    year = {2014},
    author = {Studer, Daniel and Fleming, Katherine and Lee, Edwin and Livingood, William},
    url = {www.nrel.gov/publications.},
    keywords = {API, August 2014, BCL, Building Component Library, EnergyPlus, NREL/CP-5500-61404, TPE, Technology Performance Exchange, energy modeling}
}

@article{Mercado2014EnablingData,
    title = {{Enabling Interoperability through a Common Language for Building Performance Data}},
    year = {2014},
    journal = {2014 ACEEE Summer Study on Energy Efficiency in Buildings},
    author = {Mercado, Andrea and Mitchell, Robin and Earni, Shankar and Diamond, Rick and Alschuler, Elena (US Department of Energy)},
    number = {6},
    pages = {219--228}
}

@article{Bhattacharya2016EnablingAnalytics,
    title = {{Enabling Scalable Smart-Building Analytics}},
    year = {2016},
    author = {Bhattacharya, A},
    url = {https://escholarship.org/uc/item/66d3c6rt}
}

@techreport{LiebermanEnd-userDevelopment,
    title = {{End-user development}},
    author = {Lieberman, Henry and Patern{\`{o}}, Fabio and Wulf, Volker},
    url = {https://poseidon01.ssrn.com/delivery.php?ID=5630061100270850180860810971050681101020130670920700871260021091000170950770781261130991221160020190250280020811071140180880691260320130320390920011211230290810000950570390030910641230721270161040751211090720080}
}

@incollection{Lieberman2006End-UserParadigm,
    title = {{End-User Development: An Emerging Paradigm}},
    year = {2006},
    booktitle = {End User Development},
    author = {Lieberman, Henry and Patern{\`{o}}, Fabio and Klann, Markus and Wulf, Volker},
    month = {10},
    pages = {1--8},
    publisher = {Springer Netherlands},
    doi = {10.1007/1-4020-5386-x{\_}1}
}

@article{Krebs2016EnergyInitiative,
    title = {{Energy efficiency building systems regional innovation cluster initiative}},
    year = {2016},
    author = {Krebs, M},
    url = {https://www.osti.gov/biblio/1329006}
}

@article{StevenKang2012EnergyAudit,
    title = {{Energy Measurement {\&} Audit}},
    year = {2012},
    author = {{Steven Kang} and {Teng Seer Ping} and {Md Raisul Islam} and {May Pwint}},
    pages = {37--39},
    volume = {66},
    url = {https://www.ies.org.sg/Tenant/C0000005/PDF File/Registry/SCEM/EMA(1).pdf}
}

@techreport{KangEnergyManual,
    title = {{Energy Measurement {\&} Audit Reference Manual}},
    author = {Kang, Steven and Seer, Teng and Dr, Ping and Ms, Raisul Islam and Pwint, May}
}

@article{Abdelrahman2017EnhancingLanguage,
    title = {{Enhancing Computational Design with Python high performance scientific libraries : Integration of Grasshopper and CPython language}},
    year = {2017},
    author = {Abdelrahman, Mahmoud M},
    number = {November},
    pages = {2--3},
    doi = {10.13140/RG.2.2.27230.33600/1}
}

@article{West2003EuropeanModels,
    title = {{European Process Industries STEP Technical Liaison Executive Developing High Quality Data Models}},
    year = {2003},
    author = {West, M.},
    url = {https://d2024367-a-62cb3a1a-s-sites.googlegroups.com/site/drmatthewwest/publications/princ03.pdf?attachauth=ANoY7cpqEVR9Cj2pnGu41FE_nqt3SfxSeiRpgGwaHPJnc5SDQ9ALmlLG6sRVkTNuUVfzdydmJt5ywa_LeFhs7Vh6CcurL0nFzYl2B9AyA-q3YPWKYKL-qUYqk-ZhGvsGMGni99rjkqquyNJl7ly}
}

@incollection{LohEvaluatingTexts,
    title = {{Evaluating the Construction of Domain Ontologies for Recommender Systems Based on Texts}},
    booktitle = {Data Mining with Ontologies},
    author = {Loh, Stanley and Lichtnow, Daniel and Borges, Thyago and Piltcher, Gustavo},
    publisher = {IGI Global},
    url = {http://services.igi-global.com/resolvedoi/resolve.aspx?doi=10.4018/9781599046181.ch008},
    doi = {10.4018/9781599046181.ch008}
}

@article{Mosiman2018EvaluatingStudy,
    title = {{Evaluating the Value of Intelligent Building Systems: a Review and Case Study}},
    year = {2018},
    author = {Mosiman, C},
    url = {https://scholar.colorado.edu/cven_gradetds/354/}
}

@incollection{MENZIES2002EVALUATIONLANGUAGES,
    title = {{EVALUATION ISSUES FOR VISUAL PROGRAMMING LANGUAGES}},
    year = {2002},
    author = {MENZIES, TIM},
    month = {5},
    pages = {93--101},
    doi = {10.1142/9789812389701{\_}0005}
}

@inproceedings{Poveda-Villalon2018ExtendingTopology,
    title = {{Extending the SAREF ontology for building devices and topology?}},
    year = {2018},
    booktitle = {CEUR Workshop Proceedings},
    author = {Poveda-Villal{\'{o}}n, María and Garc{\'{i}}a-Castro, Raúl},
    issn = {16130073},
    keywords = {Building devices, IFC, Ontology, Smart Appliances}
}

@techreport{ASHRAEStandardProjectCommittee2017Facility17800,
    title = {{Facility smart grid information model INTERNATIONAL STANDARD ISO 17800}},
    year = {2017},
    author = {{ASHRAE Standard Project Committee}},
    url = {www.iso.org/iso/foreword.html.}
}

@misc{GbXMLSchema,
    title = {{gbXML Green Building - Current Schema}},
    url = {https://www.gbxml.org/Schema_Current_GreenBuildingXML_gbXML}
}

@techreport{PoloGeneratingApproach,
    title = {{Generating three-tier applications from relational databases: a formal and practical approach}},
    author = {Polo, Macario and Ngel G{\'{o}}mez, Juan A ´ and Piattini, Mario and Ruiz, Francisco},
    url = {www.elsevier.com/locate/infsof},
    keywords = {Code generation, Database reengineering, Pattern formalization}
}

@article{2011bGrasshopperRhino,
    title = {{Grasshopper generative modeling for Rhino}},
    author = {(2011b), R McNeel - Computer software and grasshopper3d, http://www. and 2010, undefined}
}

@book{Bachman2017Grasshopper:3D,
    title = {{Grasshopper: Visual Scripting for Rhinoceros 3D}},
    year = {2017},
    author = {Bachman, D},
    url = {https://dl.acm.org/citation.cfm?id=3153763}
}

@techreport{Furht2010HandbookComputing,
    title = {{Handbook of Cloud Computing}},
    year = {2010},
    booktitle = {Handbook of Cloud Computing},
    author = {Furht, Borko and Escalante, Armando},
    doi = {10.1007/978-1-4419-6524-0},
    keywords = {1441965238, 978-1-4419-6524-0, 9781441965233}
}

@article{ChenHyTube:Systems,
    title = {{HyTube: A Novel Middleware Layer for Smart Building Systems}},
    journal = {ieeexplore.ieee.org},
    author = {Chen, C and Dependable, J Yan - 2018 IEEE 16th Intl Conf on and 2018, undefined},
    url = {https://ieeexplore.ieee.org/abstract/document/8511878/}
}

@techreport{Song2008IEEEMagazine,
    title = {{IEEE Instrumentation {\&} Measurement Magazine}},
    year = {2008},
    booktitle = {IEEE Instrumentation {\&} Measurement Magazine},
    author = {Song, Eugene Y. and {Kang Lee}},
    number = {4},
    pages = {C1-C1},
    volume = {9},
    doi = {10.1109/mim.2006.1664022},
    issn = {1094-6969}
}

@inproceedings{Furht2000InnovativeProviders,
    title = {{Innovative Internet architecture for application service providers}},
    year = {2000},
    booktitle = {Proceedings of the Hawaii International Conference on System Sciences},
    author = {Furht, Borko and Phoenix, Chris and Yin, John and Aganovic, Zijad},
    pages = {157},
    publisher = {IEEE},
    isbn = {0769504930},
    doi = {10.1109/hicss.2000.926872},
    issn = {10603425}
}

@techreport{PeronatoIntegratingCitySim,
    title = {{Integrating urban energy simulation in a parametric environment: a Grasshopper interface for CitySim}},
    author = {Peronato, Giuseppe and K{\"{a}}mpf, Jérôme H and Rey, Emmanuel and Andersen, Marilyne},
    keywords = {building performance simulation, early-design phase, parametric design, solar potential}
}

@article{WongIntelligentReview,
    title = {{Intelligent building research: a review}},
    journal = {Elsevier},
    author = {Wong, JKW and Li, H and construction, SW Wang - Automation in and 2005, undefined},
    url = {https://www.sciencedirect.com/science/article/pii/S0926580504000536}
}

@article{Cohen2018Inter-Disciplinary2020s,
    title = {{Inter-Disciplinary Research Challenges in Computer Systems for the 2020s}},
    year = {2018},
    author = {Cohen, A and Shen, X and Torrellas, J and Tuck, J and Zhou, Y},
    url = {https://cs.ucsb.edu/~yufeiding/publication/grandChallengesReport_ASPLOS18.pdf}
}

@techreport{Cohen2018INTER-DISCIPLINARYSummary,
    title = {{INTER-DISCIPLINARY RESEARCH CHALLENGES IN COMPUTER SYSTEMS FOR THE 2020s Executive Summary}},
    year = {2018},
    author = {Cohen, Albert and Shen, Xipeng and Torrellas, Josep and Tuck, James and Zhou, Yuanyuan and Adve, Sarita and Akturk, Ismail and Bagchi, Saurabh and Balasubramonian, Rajeev and Barik, Rajkishore and Beck, Micah and Bodik, Ras and Butt, Ali and Ceze, Luis and Chen, Haibo and Chen, Yiran and Chilimbi, Trishul and Christodorescu, Mihai and Criswell, John and Ding, Chen and Ding, Yufei and Dwarkadas, Sandhya and Elmroth, Erik and Gibbons, Phil and Guo, Xiaochen and Gupta, Rajesh and Heiser, Gernot and Hoffman, Hank and Huang, Jian and Hunter, Hillery and Kim, John and King, Sam and Larus, James and Liu, Chen and Lu, Shan and Lucia, Brandon and Maleki, Saeed and Mazumdar, Somnath and Neamtiu, Iulian and Pingali, Keshav and Rech, Paolo and Scott, Michael and Solihin, Yan and Song, Dawn and Szefer, Jakub and Tsafrir, Dan and Urgaonkar, Bhuvan and Wolf, Marilyn and Xie, Yuan and Zhao, Jishen and Zhong, Lin and Zhu, Yuhao},
    url = {https://www.asplos2018.org/grandchallenges/}
}

@article{Brundu2017IoTCities,
    title = {{IoT software infrastructure for energy management and simulation in smart cities}},
    year = {2017},
    journal = {IEEE Transactions on Industrial Informatics},
    author = {Brundu, Francesco Gavino and Patti, Edoardo and Osello, Anna and Giudice, Matteo Del and Rapetti, Niccolo and Krylovskiy, Alexandr and Jahn, Marco and Verda, Vittorio and Guelpa, Elisa and Rietto, Laura and Acquaviva, Andrea},
    number = {2},
    pages = {832--840},
    volume = {13},
    isbn = {1551-3203 VO - 13},
    doi = {10.1109/TII.2016.2627479},
    issn = {15513203},
    keywords = {Distributed software infrastructure, Internet-of-Things (IoT), energy flow simulation, energy saving, middleware, smart city}
}

@article{RoudsariLadybug:Design,
    title = {{Ladybug: a parametric environmental plugin for grasshopper to help designers create an environmentally-conscious design}},
    journal = {ibpsa.org},
    author = {Roudsari, MS and Pak, M and Lyon, A Smith - IBPSA conference held in and France, undefined and 2013, undefined},
    url = {https://www.ibpsa.org/proceedings/bs2013/p_2499.pdf}
}

@article{Alnaggar2019LifecycleStandards,
    title = {{Lifecycle Exchange for Asset Data (LEAD): A proposed process model for managing asset dataflow between building stakeholders using BIM open standards}},
    year = {2019},
    journal = {Journal of Facilities Management},
    author = {Alnaggar, Ahmed and Pitt, Michael},
    publisher = {Emerald Group Publishing Ltd.},
    doi = {10.1108/JFM-06-2019-0030},
    issn = {17410983},
    keywords = {Asset data management, Asset information requirements (AIR), BIM, Building information modelling (BIM), COBie Process, Digital engineering, Facility management, Lifecycle data exchange}
}

@article{Gosain2015LiteratureWarehouse,
    title = {{Literature review of data model quality metrics of data warehouse}},
    year = {2015},
    journal = {Procedia Computer Science},
    author = {Gosain, Anjana and {Heena}},
    number = {C},
    pages = {236--243},
    volume = {48},
    url = {www.sciencedirect.com},
    doi = {10.1016/j.procs.2015.04.176},
    issn = {18770509},
    keywords = {Conceptual Data model quality metrics, Data warehouse Data Model Quality Metrics, Literature review, Understandability}
}

@misc{MATLABSimulink,
    title = {{MATLAB - MathWorks - MATLAB {\&} Simulink}},
    url = {https://www.mathworks.com/products/matlab.html}
}

@article{PeriniModelingGrasshopper,
    title = {{Modeling and simulating urban outdoor comfort: Coupling ENVI-Met and TRNSYS by grasshopper}},
    journal = {Elsevier},
    author = {Perini, K and Chokhachian, A and Dong, S and Buildings, T Auer - Energy and and 2017, undefined},
    url = {https://www.sciencedirect.com/science/article/pii/S0378778817301597}
}

@article{FierroMORTARScience,
    title = {{MORTAR : An Open Testbed for Portable Building Analytics Bringing Reproducibility to Building Science}},
    journal = {dl.acm.org},
    author = {Fierro, Gabe and Pritoni, Marco and Abdelbaky, Moustafa and Raftery, Paul and Peffer, Therese and Thomson, Greg and Culler, David E and Berkeley, U C},
    url = {https://dl.acm.org/citation.cfm?id=3276796}
}

@incollection{Schuldt2017Multi-tierArchitecture,
    title = {{Multi-tier Architecture}},
    year = {2017},
    booktitle = {Encyclopedia of Database Systems},
    author = {Schuldt, Heiko},
    pages = {1--3},
    publisher = {Springer New York},
    doi = {10.1007/978-1-4899-7993-3{\_}652-2}
}

@misc{Multi-tierSpringerLink,
    title = {{Multi-tier Architecture | SpringerLink}},
    url = {https://link-springer-com.libproxy1.nus.edu.sg/referenceworkentry/10.1007/978-1-4899-7993-3_652-2}
}

@book{Harrison2015NextData,
    title = {{Next generation databases: NoSQL, newSQL, and big data}},
    year = {2015},
    booktitle = {Next Generation Databases: NoSQL, NewSQL, and Big Data},
    author = {Harrison, Guy},
    pages = {1--236},
    isbn = {9781484213292},
    doi = {10.1007/978-1-4842-1329-2}
}

@misc{Lange2018NoTitle,
    title = {{No Title}},
    year = {2018},
    booktitle = {dl.acm.org},
    author = {Lange, Henrik and Johansen, Aslak and Kjaergaard, Mikkel Baun and Kj{\ae}rgaard, Mikkel Baun},
    pages = {21--24},
    publisher = {ACM},
    url = {https://dl.acm.org/citation.cfm?id=3276790 https://doi.org/10.1145/3276774.3276790},
    isbn = {9781450359511},
    doi = {10.1145/3276774.3276790},
    keywords = {Brick, IFC, Metadata, Smart Building Applications}
}

@article{WindowsNoTitle,
    title = {{No Title阪大生のためのアカデミック・ライティング入門}},
    author = {Windows, Microsoft and Corporation, Microsoft and Hori, Kazunari and Sakajiri, Akihiro},
    doi = {10.1007/3-540-26891-X{\_}10.PDF}
}

@book{AshrafiObjectDesign.,
    title = {{Object oriented systems analysis and design.}},
    author = {Ashrafi, Noushin.},
    pages = {631},
    isbn = {1292039604}
}

@techreport{Booch1994OBJECT-ORIENTEDEDITION,
    title = {{OBJECT-ORIENTED ANALYSIS AND DESIGN With applications SECOND EDITION}},
    year = {1994},
    author = {Booch, Grady},
    isbn = {0805353402}
}

@article{Premerlani1998Object-orientedApplications,
    title = {{Object-oriented modeling and design for database applications}},
    year = {1998},
    author = {Premerlani, W and Blaha, M}
}

@inproceedings{Ahvar2017Ontology-basedFUSE-IT,
    title = {{Ontology-based model for trusted critical site supervision in FUSE-IT}},
    year = {2017},
    booktitle = {Proceedings of the 2017 20th Conference on Innovations in Clouds, Internet and Networks, ICIN 2017},
    author = {Ahvar, Shohreh and Santos, Gabriel and Tamani, Nouredine and Istasse, Bernard and Praca, Isabel and Brun, Paul Emmanuel and Ghamri, Yacine and Crespi, Noel},
    pages = {313--315},
    url = {https://ieeexplore.ieee.org/abstract/document/7899430/},
    isbn = {9781509036721},
    doi = {10.1109/ICIN.2017.7899430}
}

@techreport{Pan2013Ontology-drivenDevelopment,
    title = {{Ontology-driven software development}},
    year = {2013},
    booktitle = {Ontology-Driven Software Development},
    author = {Pan, Jeff Z. and Staab, Steffen and A{\ss}mann, Uwe and Ebert, Jürgen and Zhao, Yuting},
    pages = {1--337},
    isbn = {9783642312267},
    doi = {10.1007/978-3-642-31226-7}
}

@article{KohPlaster:Methods,
    title = {{Plaster: an integration, benchmark, and development framework for metadata normalization methods}},
    journal = {dl.acm.org},
    author = {Koh, J and Hong, D and Gupta, R and {\ldots}, K Whitehouse - Proceedings of the 5th and 2018, undefined},
    url = {https://dl.acm.org/citation.cfm?id=3276794}
}

@inproceedings{Johansen2016PortableApplications,
    title = {{Portable Queries Using the Brick Schema for Building Applications}},
    year = {2016},
    booktitle = {dl.acm.org},
    author = {Johansen, Aslak and Hong, Dezhi and Fierro, Gabe and Balaji, Bharathan and Whitehouse, Kamin and Gao, Jingkun and Koh, Jason and Culler, David and Agarwal, Yuvraj and Bhattacharya, Arka and Kj{\ae}rgaard, Mikkel Baun and Srivastava, Mani and Gluck, Joshua and Berges, Mario and Ploennigs, Joern and Gupta, Rajesh},
    pages = {219--220},
    url = {https://dl.acm.org/citation.cfm?id=2996411},
    doi = {10.1145/2993422.2996411}
}

@book{JiangPosterProfile,
    title = {{Poster Abstract: sMAP-Simple Monitoring and Actuation Profile}},
    author = {Jiang, Xiaofan and Dawson-Haggerty, Stephen and Culler, David},
    url = {http://www.google.org/powermeter/.},
    isbn = {9781605589558},
    keywords = {Building, C21 [Computer Systems Organization]: Computer-Communication NetworksNetwork Architecture and Design General Terms Design, Experimentation, Management Keywords Energy, Sensor Networks, Wireless}
}

@article{Brohus2012QuantificationApproach,
    title = {{Quantification of Uncertainty in Predicting Building Energy Consumption: a stochastic approach}},
    year = {2012},
    journal = {Energy and Buildings},
    author = {Brohus, H ; and Frier, C ; and Heiselberg, P and Haghighat, F},
    pages = {127--140},
    volume = {55},
    url = {https://doi.org/10.1016/j.enbuild.2012.07.013},
    doi = {10.1016/j.enbuild.2012.07.013},
    keywords = {Stochastic differential equation, building simulation tool., building thermal behaviour, net-zero energy buildings, occupants’ behaviour, uncertainty quantification}
}

@article{QiuReasoningTechnologies,
    title = {{Reasoning on Human Experiences of Indoor Environments using SemanticWeb Technologies}},
    journal = {kauppinen.net},
    author = {Qiu, H and Schneider, GF and {\ldots}, T Kauppinen - ISARC. Proceedings of and 2018, undefined},
    url = {http://kauppinen.net/tomi/reasoning-indoor-2018.pdf}
}

@misc{Zou2018ReviewPerspectives,
    title = {{Review of 10 years research on building energy performance gap: Life-cycle and stakeholder perspectives}},
    year = {2018},
    booktitle = {Energy and Buildings},
    author = {Zou, Patrick X.W. and Xu, Xiaoxiao and Sanjayan, Jay and Wang, Jiayuan},
    month = {11},
    pages = {165--181},
    volume = {178},
    publisher = {Elsevier Ltd},
    doi = {10.1016/j.enbuild.2018.08.040},
    issn = {03787788},
    keywords = {Building energy performance gap, Building energy related information, Building life-cycle, Root causes, Stakeholder}
}

@article{ArendtRoom-levelBuilding,
    title = {{Room-level Occupant Counts, Airflow and CO2 Data from an Office Building}},
    journal = {forskningsdatabasen.dk},
    author = {Arendt, K and Johansen, A and {\ldots}, BN Jørgensen - Proceedings of the and 2018, undefined},
    url = {http://www.forskningsdatabasen.dk/en/catalog/2442314538}
}

@inproceedings{Agarwal2018Scrabble,
    title = {{Scrabble}},
    year = {2018},
    booktitle = {BuildSys 2018 - Proceedings of the 5th Conference on Systems for Built Environments},
    author = {Agarwal, Yuvraj and Gupta, Rajesh and Balaji, Bharathan and Sengupta, Dhiman and Koh, Jason and McAuley, Julian},
    pages = {11--20},
    url = {https://dl.acm.org/citation.cfm?id=3276795},
    isbn = {9781450359511},
    doi = {10.1145/3276774.3276795},
    keywords = {Machine learning, Metadata schema, Smart buildings}
}

@article{HviidServiceResilience,
    title = {{Service Abstraction Layer for Building Operating Systems: Enabling portable applications and improving system resilience}},
    journal = {ieeexplore.ieee.org},
    author = {Hviid, J and Conference, MB Kjærgaard - 2018 IEEE International and 2018, Undefined},
    url = {https://ieeexplore.ieee.org/abstract/document/8587543/}
}

@inproceedings{Bhattacharya2015ShortBuildings,
    title = {{Short Paper: Analyzing Metadata Schemas for Buildings}},
    year = {2015},
    booktitle = {Proceedings of the 2nd ACM International Conference on Embedded Systems for Energy-Efficient Built Environments - BuildSys '15},
    author = {Bhattacharya, Arka and Ploennigs, Joern and Culler, David},
    pages = {33--34},
    isbn = {9781450339810},
    doi = {10.1145/2821650.2821669}
}

@article{Le2019Smart-buildingVietnam,
    title = {{Smart-building management system: An Internet-of-Things (IoT) application business model in Vietnam}},
    year = {2019},
    journal = {Technological Forecasting and Social Change},
    author = {Le, Duc Nha and Le Tuan, Loc and Dang Tuan, Minh Nguyen},
    pages = {22--35},
    volume = {141},
    url = {https://www.sciencedirect.com/science/article/pii/S0040162517318103},
    doi = {10.1016/j.techfore.2019.01.002},
    issn = {00401625},
    keywords = {Internet-of-Things, Sensors, Smart-building management system, Vertical integration}
}

@article{ReviewsStochasticReview,
    title = {{Stochastic techniques used for optimization in solar systems: A review}},
    journal = {Elsevier},
    author = {Reviews, N Sharma - Renewable and Sustainable Energy and 2012, undefined},
    url = {https://www.sciencedirect.com/science/article/pii/S1364032111005557}
}

@article{PourmohammadSystemsSystem,
    title = {{Systems and methods for conversational interaction with a building automation system}},
    journal = {Google Patents},
    author = {Pourmohammad, S and Mueller, JM and {\ldots}, Y Park - US Patent App. 16 and 2019, undefined},
    url = {https://patents.google.com/patent/US20190013023A1/en}
}

@article{USDepartmentofEnergy2018TechnologyReport,
    title = {{Technology for Building Systems Integration and Optimization – Landscape Report}},
    year = {2018},
    author = {{US Department of Energy}},
    number = {January},
    url = {https://www.energy.gov/sites/prod/files/2018/03/f49/bto-SE-Tech-Landscape-Study-3.5.18_0.pdf}
}

@misc{Baader2007TheApplications,
    title = {{The Description Logic Handbook: Theory, Implementation and Applications}},
    year = {2007},
    author = {Baader, Franz and Calvanese, Diego and McGuinness, Deborah L and McGuinness, Deborah L and Nardi, Daniele and Patel-Schneider, Peter F},
    url = {https://www.researchgate.net/publication/230745455_The_Description_Logic_Handbook_Theory_Implementation_and_Applications}
}

@article{FernandezThePattern,
    title = {{The secure three-tier architecture pattern}},
    journal = {ieeexplore.ieee.org},
    author = {Fernandez, EB and Complex, M Fonoage - … on and Intelligent, undefined and 2008, undefined},
    url = {https://ieeexplore.ieee.org/abstract/document/4606734/}
}

@article{Compton2012TheGroup,
    title = {{The SSN ontology of the W3C semantic sensor network incubator group}},
    year = {2012},
    journal = {Web Semantics: Science, Services and Agents on the World Wide Web},
    author = {Compton, Michael and Barnaghi, Payam and Bermudez, Luis and Garc{\'{i}}a-Castro, Raúl and Corcho, Oscar and Cox, Simon and Graybeal, John and Hauswirth, Manfred and Henson, Cory and Herzog, Arthur and Huang, Vincent and Janowicz, Krzysztof and David Kelsey, W and Le Phuoc, Danh and Lefort, Laurent and Leggieri, Myriam and Neuhaus, Holger and Nikolov, Andriy and Page, Kevin and Passant, Alexandre and Sheth, Amit and Taylor, Kerry and Gesellschaft, Fraunhofer and Ericsson, Germany},
    pages = {25--32},
    volume = {17},
    url = {www.elsevier.com/locate/websem},
    doi = {10.1016/j.websem.2012.05.003},
    keywords = {Linked sensor data, Ontologies, Semantic interoperability, Semantic sensor web, Sensor web enablement}
}

@incollection{Taylor1998ThePerspective,
    title = {{The Three-Tier Architecture: An Object-Oriented Perspective}},
    year = {1998},
    author = {Taylor, Paul},
    pages = {79--94},
    doi = {10.1007/978-1-4471-1550-2{\_}4}
}

@article{Chong2015UncertaintyApproach,
    title = {{Uncertainty analysis in building energy simulation: A practical approach}},
    year = {2015},
    journal = {14th International Conference of IBPSA - Building Simulation 2015, BS 2015, Conference Proceedings},
    author = {Chong, Adrian and Xu, Weili and Lam, Khee Poh},
    pages = {2796--2803}
}

@article{WangUniqueApplications,
    title = {{Unique Building Identifier: A natural key for building data matching and its energy applications}},
    journal = {Elsevier},
    author = {Wang, N and Vlachokostas, A and Borkum, M and {\ldots}, H Bergmann - Energy and and 2019, Undefined},
    url = {https://www.sciencedirect.com/science/article/pii/S0378778818311526}
}

@techreport{Reen1996UsabilityFramework,
    title = {{Usability Analysis of Visual Programming Environments : A 'Cognitive Dimensions' Framework}},
    year = {1996},
    booktitle = {Journal of Visual Languages and Computing},
    author = {Reen, T R G G and Etre, M P},
    pages = {131--174},
    volume = {7}
}

@inproceedings{Petrushevski2018UseData,
    title = {{Use cases for improved analysis of energy and comfort related parameters based on BIM and BEMS data}},
    year = {2018},
    booktitle = {Lecture Notes in Computer Science (including subseries Lecture Notes in Artificial Intelligence and Lecture Notes in Bioinformatics)},
    author = {Petrushevski, Filip and Montazer, Maryam and Seifried, Stefan and Schiefer, Christian and Zucker, Gerhard and Preindl, Thomas and Suter, Georg and Kastner, Wolfgang},
    pages = {391--413},
    volume = {10864 LNCS},
    url = {http://link.springer.com/10.1007/978-3-319-91638-5_22},
    isbn = {9783319916378},
    doi = {10.1007/978-3-319-91638-5{\_}22},
    issn = {16113349},
    keywords = {BEMS, BIM, Comfort, Energy}
}

@article{PetrushevskiUseData,
    title = {{Use Cases for Improved Analysis of Energy and Comfort Related Parameters Based on BIM and BEMS Data}},
    journal = {Springer},
    author = {Petrushevski, F and Montazer, M and {\ldots}, S Seifried - Workshop of the and 2018, undefined},
    url = {https://link.springer.com/chapter/10.1007/978-3-319-91638-5_22}
}

@incollection{Petrushevski2018UseDatab,
    title = {{Use Cases for Improved Analysis of Energy and Comfort Related Parameters Based on BIM and BEMS Data}},
    year = {2018},
    author = {Petrushevski, Filip and Montazer, Maryam and Seifried, Stefan and Schiefer, Christian and Zucker, Gerhard and Preindl, Thomas and Suter, Georg and Kastner, Wolfgang},
    month = {6},
    pages = {391--413},
    publisher = {Springer, Cham},
    url = {http://link.springer.com/10.1007/978-3-319-91638-5_22},
    doi = {10.1007/978-3-319-91638-5{\_}22}
}

@article{Xiao2014UserTransformation,
    title = {{User Interoperability With Heterogeneous IoT Devices Through Transformation}},
    year = {2014},
    author = {Xiao, Guangyi and Guo, Jingzhi and Da Xu, Li and Gong, Zhiguo},
    url = {www.ipso-alliance.org},
    doi = {10.1109/TII.2014.2306772},
    keywords = {Index Terms-Collaborative sign, Internet of Things (IoT), cosign, device, device interoperability, transformation, user interoperability}
}

@misc{Serrano2002ValidatingWarehouses,
    title = {{Validating metrics for data warehouses}},
    year = {2002},
    booktitle = {IEE Proceedings: Software},
    author = {Serrano, M. and Calero, C. and Piattini, M.},
    number = {5},
    pages = {161--166},
    volume = {149},
    url = {https://ieeexplore-ieee-org.libproxy1.nus.edu.sg/stamp/stamp.jsp?tp=&arnumber=1049206},
    doi = {10.1049/ip-sen:20020697},
    issn = {14625970}
}

@misc{Weilix88/buildsimhub_python_api:API,
    title = {{weilix88/buildsimhub{\_}python{\_}api: Python API}},
    url = {https://github.com/weilix88/buildsimhub_python_api}
}

@article{Zhang2019WholeLearning,
    title = {{Whole building energy model for HVAC optimal control: A practical framework based on deep reinforcement learning}},
    year = {2019},
    journal = {Energy and Buildings},
    author = {Zhang, Zhiang and Chong, Adrian and Pan, Yuqi and Zhang, Chenlu and Lam, Khee Poh},
    pages = {472--490},
    volume = {199},
    doi = {10.1016/j.enbuild.2019.07.029},
    issn = {03787788},
    keywords = {Deep reinforcement learning, Energy efficiency, HVAC, Optimal control, Whole building energy model}
}

@article{Goldberg2014Word2vecMethod,
    title = {{word2vec Explained: deriving Mikolov et al.'s negative-sampling word-embedding method}},
    year = {2014},
    author = {Goldberg, Yoav and Levy, Omer},
    month = {2},
    url = {http://arxiv.org/abs/1402.3722},
    arxivId = {1402.3722}
}

@article{Abdelrahman2019ANT:Development,
    title = {{[ANT]: A Machine Learning Approach for Building Performance Simulation: Methods and Development}},
    year = {2019},
    journal = {The Academic Research Community publication},
    author = {Abdelrahman, Mahmoud M. and Toutou, Ahmed Mohamed Yousef},
    number = {1},
    pages = {205},
    volume = {3},
    url = {http://press.ierek.com/index.php/ARChive/article/view/442},
    doi = {10.21625/archive.v3i1.442},
    issn = {2537-0154}
}