@book{Nardi1993AComputing,
    title = {{A small matter of programming: perspectives on end user computing}},
    year = {1993},
    author = {Nardi, BA},
    url = {https://www.google.com/books?hl=en&lr=&id=0drDRT370eoC&oi=fnd&pg=PR11&dq=A+Small+Matter+ofProgramming:+Perspectives+on+End+User+Computing&ots=eGlRZaRprA&sig=KXqhC3Nm67MtbSz4ZeRPKDrtubw}
}

@misc{acm_categories,
  key = "association",
  title = {{How to Classify Works Using ACM's Computing Classification System}},
  note = {\url{http://www.acm.org/class/how_to_use.html}},
},



@techreport{MyersCHTaxonomy,
    title = {{CH 1'86 Proceedings April 1986 Visual Programming, Programming by Example, and Program Visualization: A Taxonomy}},
    author = {Myers, Brad A},
    url = {http://www.cs.cmu.edu/~bam/papers/chi86vltax.pdf},
    keywords = {122 [Artificial Intelligence]: Automatic Programming-Program Synthesis 136 [Com-puter Graphics]: Methodologies and Techniques-Languages Additional Key Words and Phrases: Visual Rogram-ming, Program Visualization, Programming by Example, Inferencing General Terms: Documentation, Languages, CR Categories and Subject Descriptors: D12 [Software Engineering]: Automatic Programming, D22 [Software Engineering]: Tools and Techniques-Flowcharts, D25 [Software Engineering]: Testing and Debugging-Debugging Aids, D32 [Programming Languages]: Language Classifications}
}

@article{Bhardwaj2010CLOUDIAAS,
    title = {{CLOUD COMPUTING: A STUDY OF INFRASTRUCTURE AS A SERVICE (IAAS)}},
    year = {2010},
    journal = {International Journal of Engineering and Information Technology},
    author = {Bhardwaj, Sushil and Jain, Leena and Jain, Sandeep},
    number = {1},
    pages = {60--63},
    volume = {2},
    url = {https://s3.amazonaws.com/academia.edu.documents/7299777/cloud%20computing%20a%20study%20of.pdf?response-content-disposition=inline%3B%20filename%3DCloud_computing_A_study_of_infrastructur.pdf&X-Amz-Algorithm=AWS4-HMAC-SHA256&X-Amz-Credential=AKIAIWOWYYGZ2Y53UL3A%2F20190703%2Fus-east-1%2Fs3%2Faws4_request&X-Amz-Date=20190703T020526Z&X-Amz-Expires=3600&X-Amz-SignedHeaders=host&X-Amz-Signature=41c09adb23b75a3edab0e1b3803ef2d8e8c144e4b091238d5b2e1b49acf3754a},
    issn = {0976-0253},
    keywords = {Cloud Computing, IaaS, PaaS, SaaS}
}

@article{Dillon2010CloudChallenges,
    title = {{Cloud Computing: Issues and Challenges}},
    year = {2010},
    author = {Dillon, Tharam and Wu, Chen and Chang, Elizabeth},
    url = {http://sistemas-humano-computacionais.wdfiles.com/local--files/capitulo%3Asistemas-de-servico/Dillon2010.pdf},
    doi = {10.1109/AINA.2010.187},
    keywords = {Cloud computing, Distributed Comptuing, Servcice-Oriented Computing, Web Services}
}

@inproceedings{2016DesignDEVS:Environment,
    title = {{DesignDEVS: Reinforcing Theoretical Principles in a Practical and Lightweight Simulation Environment}},
    year = {2016},
    month = {10},
    publisher = {Society for Modeling and Simulation International (SCS)},
    doi = {10.22360/springsim.2016.tmsdevs.006}
}

@article{Maleki2015DesigningProgrammers,
    title = {{Designing DEVS visual interfaces for end-user programmers}},
    year = {2015},
    journal = {SIMULATION},
    author = {Maleki, Maryam and Woodbury, Robert and Goldstein, Rhys and Breslav, Simon and Khan, Azam},
    number = {8},
    pages = {715--734},
    volume = {91},
    doi = {10.1177/0037549715598570},
    issn = {17413133},
    keywords = {Discrete-event simulation, cognitive dimensions, end-user programming, visual programming}
}

@article{KoDesigningBehavior,
    title = {{Designing the whyline: a debugging interface for asking questions about program behavior}},
    journal = {dl.acm.org},
    author = {Ko, AJ and Human, BA Myers - Proceedings of the SIGCHI conference on and 2004, undefined},
    url = {https://dl.acm.org/citation.cfm?id=985712}
}

@incollection{MARGARETM.BURNETTANDCHRISTOPHERSCAFFIDIEnd-UserEd.,
    title = {{End-User Development | The Encyclopedia of Human-Computer Interaction, 2nd Ed.}},
    booktitle = {The Encyclopedia of Human-Computer Interaction,},
    author = {{MARGARET M. BURNETT AND CHRISTOPHER SCAFFIDI}},
    url = {https://www.interaction-design.org/literature/book/the-encyclopedia-of-human-computer-interaction-2nd-ed/end-user-development}
}

@inproceedings{ScaffidiEstimatingProgrammers,
    title = {{Estimating the Numbers of End Users and End User Programmers}},
    booktitle = {2005 IEEE Symposium on Visual Languages and Human-Centric Computing (VL/HCC'05)},
    author = {Scaffidi, C. and Shaw, M. and Myers, B.},
    pages = {207--214},
    publisher = {IEEE},
    url = {http://ieeexplore.ieee.org/document/1509505/},
    isbn = {0-7695-2443-5},
    doi = {10.1109/VLHCC.2005.34}
}

@article{Senske2005FearDesign,
    title = {{Fear of code: an approach to integrating computation with architectural design}},
    year = {2005},
    author = {Senske, Nicholas and Massachusetts, Institute of Technology},
    number = {2003},
    pages = {85}
}

@inproceedings{Green2004InstructionsDescriptions,
    title = {{Instructions and descriptions}},
    year = {2004},
    booktitle = {Proceedings of the working conference on Advanced visual interfaces},
    author = {Green, Thomas R. G.},
    pages = {21--28},
    url = {http://www.cl.cam.ac.uk/~afb21/CognitiveDimensions/papers/GreenAVI2000.pdf},
    isbn = {1581132522},
    doi = {10.1145/345513.345233},
    keywords = {cognitive dimensions, cognitive psychology, notations, prolog, spreadsheet, telephone, usability evaluation}
}

@article{Ramaswamy2015InternetReview,
    title = {{Internet of Things (IoT): A Literature Review}},
    year = {2015},
    journal = {Journal of Computer and Communications},
    author = {Ramaswamy, S and Tripathi, R},
    pages = {164--173},
    volume = {3},
    url = {http://www.scirp.org/journal/jcchttp://dx.doi.org/10.4236/jcc.2015.35021http://dx.doi.org/10.4236/jcc.2015.35021},
    doi = {10.4236/jcc.2015.35021},
    keywords = {Actuators, Barcode, Bluetooth, EPC, IPv6, Internet of Things, IoT, NFC, RFID, Sensors, Wi-Fi, ZigBee}
}

@article{KelleherLoweringProgrammers,
    title = {{Lowering the barriers to programming: A taxonomy of programming environments and languages for novice programmers}},
    journal = {dl.acm.org},
    author = {Kelleher, C and (CSUR), R Pausch - ACM Computing Surveys and 2005, undefined},
    url = {https://dl.acm.org/citation.cfm?id=1089734}
}

@incollection{Aish2010Multi-levelDesign,
    title = {{Multi-level Interaction in Parametric Design}},
    year = {2010},
    author = {Aish, Robert and Woodbury, Robert},
    month = {7},
    pages = {151--162},
    doi = {10.1007/11536482{\_}13}
}

@techreport{Maleki2014ProgrammingSystems,
    title = {{Programming In the Model: A new perspective on scripting in CAD systems}},
    year = {2014},
    author = {Maleki, Maryam M}
}

@article{Ramchurn2012PuttingReality,
    title = {{Putting the 'Smarts' into the Smart Grid: a Grand challenge for artificial intelligence A research agenda for making the smart grid a reality}},
    year = {2012},
    author = {Ramchurn, Sarvapali D and Vytelingum, Perukrishnen and Rogers, Alex and Jennings, Nicholas R},
    number = {4},
    volume = {55},
    url = {http://delivery.acm.org/10.1145/2140000/2133825/p86-ramchurn.pdf?ip=137.132.213.221&id=2133825&acc=OPEN&key=FF6731C4D3E3CFFF%2EBB5EB8D2067C1662%2E4D4702B0C3E38B35%2E6D218144511F3437&__acm__=1562116870_6aaa13f50df960bd5179352fda40bc2b},
    doi = {10.1145/2133806.2133825}
}

@techreport{LambScratch:Learners,
    title = {{Scratch: Computer Programming for 21st Century Learners}},
    author = {Lamb, Annette ; and Johnson, Larry},
    url = {https://scholarworks.iupui.edu/bitstream/handle/1805/8622/38-4.pdf?sequence=1}
}

@article{ResnickScratch:All.,
    title = {{Scratch: Programming for all.}},
    journal = {m-cacm.acm.org},
    author = {Resnick, M and Maloney, J and {\ldots}, A Monroy-Hern√°ndez - Commun and 2009, undefined},
    url = {https://m-cacm.acm.org/magazines/2009/11/48421-scratch-programming-for-all/fulltext?mobile=true}
}

@techreport{MellTheTechnology,
    title = {{The NIST Definition of Cloud Computing Recommendations of the National Institute of Standards and Technology}},
    author = {Mell, Peter and Grance, Timothy},
    url = {https://nvlpubs.nist.gov/nistpubs/Legacy/SP/nistspecialpublication800-145.pdf},
    doi = {10.6028/NIST.SP.800-145},
    year = {2011},
    keywords = {Cloud Computing, IaaS, Infrastructure as a Service, Measured Service, NIST SP 800-145, On-demand Self Service, PaaS, Platform as a Service, Rapid Elasticity, Reserve Pooling, SaaS, Software as a Service, The NIST Definition of Cloud Computing}
}

@article{Rothermel2011TheEngineering,
    title = {{The state of the art in end-user software engineering}},
    year = {2011},
    journal = {ACM Comput. Surv},
    author = {Rothermel, G and Shaw, M and Wiedenbeck, S},
    pages = {44},
    volume = {43},
    url = {http://doi.acm.org/10.1145/1922649.1922658},
    doi = {10.1145/1922649.1922658},
    keywords = {D2 [Software Engineering]: D3 [Programming Languag, Design Additional Key Words and Phrases: End-user, Experimentation, H5 [Information Interfaces and Presentation], Human Factors, J4 [Social and Behav-ioral Sciences] General Terms, K4 [Computers and Society], Languages, end-user devel-opment, end-user programming, human-computer interaction, visual programming}
}

@article{Iea2013TrackingMinisterial,
    title = {{Tracking Clean Energy Progress 2016: IEA Input to the Clean Energy Ministerial}},
    year = {2013},
    journal = {International Energy Agency (IEA)},
    author = {{Iea}},
    pages = {148},
    volume = {Directorat},
    url = {www.iea.org/etp/tracking}
}

@article{Petre1996UsabilityFramework,
    title = {{Usability Analysis of Visual Programming Environments: A 'Cognitive Dimensions' Framework}},
    year = {1996},
    journal = {Journal of Visual Languages and Computing},
    author = {Petre, Marian and Green, T R G and Petre, M},
    url = {http://www.mrc-apu.cam.ac.uk/personal/thomas.green/},
    doi = {10.1006/jvlc.1996.0009}
}

@techreport{Burnett1999VisualProgramming,
    title = {{Visual Programming}},
    year = {1999},
    author = {Burnett, Margaret M},
    publisher = {John Wiley {\&} Sons Inc},
    url = {https://www.cs.auckland.ac.nz/courses/compsci732s1c/archive/2005/lectures/WhatIsVP.pdf}
}